<?xml version="1.0" encoding="UTF-8"?><collection xmlns="http://www.loc.gov/MARC21/slim"><record><leader>00532nam--2200193-u-4500</leader><controlfield tag="001">000055334</controlfield><controlfield tag="002">20161230</controlfield><controlfield tag="005">20161230201052</controlfield><controlfield tag="008">130121s1000------------r-----000-0-rus-d</controlfield><datafield ind1=" " ind2=" " tag="040"><subfield code="a">IFIN-HH</subfield></datafield><datafield ind1=" " ind2=" " tag="041"><subfield code="a">rus</subfield></datafield><datafield ind1=" " ind2=" " tag="080"><subfield code="a">539.37</subfield></datafield><datafield ind1="1" ind2=" " tag="100"><subfield code="a">Ilgamov, M.A</subfield></datafield><datafield ind1="1" ind2="0" tag="245"><subfield code="a">Procinosti, ustoicivosti i dinamika obolocek s uprugim zapolnitelem</subfield><subfield code="c">M.a. ilgamov, v.a. ivanov, b.v. gulin</subfield></datafield><datafield ind1=" " ind2=" " tag="260"><subfield code="a">Moskva</subfield><subfield code="b">Nauka</subfield><subfield code="c">1977</subfield></datafield><datafield ind1=" " ind2=" " tag="300"><subfield code="a">330P</subfield></datafield><datafield ind1="1" ind2=" " tag="700"><subfield code="a">Ivanov, V.A</subfield><subfield code="e">Gulin, B.V</subfield></datafield><datafield ind1=" " ind2=" " tag="852"><subfield code="a">44784</subfield><subfield code="c">539.3</subfield></datafield><datafield ind1=" " ind2=" " tag="CAT"><subfield code="a">Sys</subfield><subfield code="c">20130121</subfield><subfield code="h">145322</subfield></datafield></record></collection>